<record><leader>00000cas a22000007a 4500</leader><controlfield tag="001">10089426</controlfield><controlfield tag="008">831103d19071908ksuwr ne      0   a0eng d</controlfield><datafield ind1=" " ind2=" " tag="010"><subfield code="a">sn 83040781 </subfield></datafield><datafield ind1=" " ind2=" " tag="040"><subfield code="a">KSH</subfield><subfield code="b">eng</subfield><subfield code="c">KSH</subfield><subfield code="d">NPT</subfield><subfield code="d">OCLCQ</subfield></datafield><datafield ind1=" " ind2=" " tag="042"><subfield code="a">msc</subfield></datafield><datafield ind1=" " ind2=" " tag="043"><subfield code="a">n-us-ks</subfield></datafield><datafield ind1="0" ind2="4" tag="245"><subfield code="a">The Ashland leader and Englewood homebuilder.</subfield></datafield><datafield ind1=" " ind2=" " tag="260"><subfield code="a">Ashland, Kan. :</subfield><subfield code="b">O.E. Hogue,</subfield><subfield code="c">1907-1908.</subfield></datafield><datafield ind1=" " ind2=" " tag="300"><subfield code="a">2 v. :</subfield><subfield code="b">ill. ;</subfield><subfield code="c">55 cm.</subfield></datafield><datafield ind1=" " ind2=" " tag="310"><subfield code="a">Weekly</subfield></datafield><datafield ind1="0" ind2=" " tag="362"><subfield code="a">Vol. 2, no. 19 (Aug. 23, 1907)-v. 3, no. 37 (Dec. 24, 1908).</subfield></datafield><datafield ind1=" " ind2=" " tag="530"><subfield code="a">Available on microfilm from Micro Photo.</subfield></datafield><datafield ind1="1" ind2=" " tag="700"><subfield code="a">Hogue, O. E.</subfield></datafield><datafield ind1=" " ind2=" " tag="752"><subfield code="a">United States</subfield><subfield code="b">Kansas</subfield><subfield code="c">Clark</subfield><subfield code="d">Ashland.</subfield></datafield><datafield ind1="0" ind2="0" tag="780"><subfield code="t">Englewood homebuilder</subfield><subfield code="w">(DLC)sn 83040774</subfield></datafield><datafield ind1="0" ind2="7" tag="785"><subfield code="t">Enhglewood, Clark County tribune</subfield><subfield code="w">(DLC)sn 83040777</subfield></datafield><datafield ind1="0" ind2="7" tag="785"><subfield code="t">Leader-tribune</subfield><subfield code="w">(DLC)sn 83040773</subfield></datafield><datafield ind1="1" ind2=" " tag="029"><subfield code="a">AU@</subfield><subfield code="b">000025803542</subfield></datafield></record>